@MISC{android:ui,
	author="Google",
	title="Android User Interface developer guide",
	howpublished="\url{http://developer.android.com/guide/topics/ui/index.html}"	
}

@MISC{android:activity,
	author="Google",
	title="Android Activity developer guide",
	howpublished="\url{http://developer.android.com/reference/android/app/Activity.html}"
}

@MISC{arcReport,
	author="Group 23, TDT4240 Software Architecture",
	title="Architectural Description Warcraft TD",
	howpublished="Attached with this document"
}

@MISC{android:threading,
	author="Google",
	title="Android threading",
	howpublished="\url{http://developer.android.com/guide/topics/fundamentals/processes-and-threads.html}"
}

@MISC{synclist,
	author="Oracle",
	title="Collections SynchronizedList",
	howpublished="\url{http://download.oracle.com/javase/1.4.2/docs/api/java/util/Collections.html#synchronizedList(java.util.List)}"
}

@BOOK{aima,
 author = {Russell, Stuart and Norvig, Peter},
 title = {Artificial Intelligence: A Modern Approach},
 year = {2009},
 isbn = {0136042597, 9780136042594},
 edition = {3rd},
 publisher = {Prentice Hall Press},
 address = {Upper Saddle River, NJ, USA},
} 

@misc{wiki:manhattan,
   author = "Wikipedia",
   title = "Taxicab geometry --- Wikipedia{,} The Free Encyclopedia",
   year = "2011",
   url = "http://en.wikipedia.org/w/index.php?title=Taxicab_geometry&oldid=421925806",
   note = "[Online; accessed 8-April-2011]"
 }
 
 @misc{ wiki:td,
   author = "Wikipedia",
   title = "Tower defense --- Wikipedia{,} The Free Encyclopedia",
   year = "2011",
   url = "http://en.wikipedia.org/w/index.php?title=Tower_defense&oldid=421967397",
   note = "[Online; accessed 8-April-2011]"
 }
 
 @MISC{mapeditor,
	author="Thorbj√∏rn Lindeijer",
	title = "Tiled Map Editor",
	howpublished ="\url{http://www.mapeditor.org/}"
}

@MISC{dom,
	title="Document Object Model parser Java",
	author="Oracle",
	howpublished ="\url{http://download.oracle.com/javase/1.4.2/docs/api/org/w3c/dom/package-summary.html}"
}

@MISC{CME,
	author="Oracle",
	title="ConcurrentModificationException",
	howpublished ="\url{http://download.oracle.com/javase/1.4.2/docs/api/java/util/ConcurrentModificationException.html}"
}
